<?xml version="1.0" encoding="UTF-8" ?><marc:collection xmlns:marc="http://www.loc.gov/MARC21/slim" xmlns:xsi="http://www.w3.org/2001/XMLSchema-instance" xsi:schemaLocation="http://www.loc.gov/MARC21/slim http://www.loc.gov/standards/marcxml/schema/MARC21slim.xsd">
<marc:record><marc:leader>02420cam a2200493Ii 4500</marc:leader>
<marc:controlfield tag="001">b13036063</marc:controlfield>
<marc:controlfield tag="003">UaCaAUL</marc:controlfield><marc:controlfield tag="005">20170926092912.0</marc:controlfield><marc:controlfield tag="008">940228s1949    ua            000 0 arard</marc:controlfield><marc:datafield tag="035" ind1=" " ind2=" "><marc:subfield code="a">(OCoLC)29885635</marc:subfield><marc:subfield code="z">(OCoLC)60499056</marc:subfield></marc:datafield><marc:datafield tag="040" ind1=" " ind2=" "><marc:subfield code="a">CUY</marc:subfield><marc:subfield code="b">eng</marc:subfield><marc:subfield code="e">rda</marc:subfield><marc:subfield code="c">CUY</marc:subfield><marc:subfield code="d">OSU</marc:subfield><marc:subfield code="d">MEAUC</marc:subfield><marc:subfield code="d">OCLCQ</marc:subfield><marc:subfield code="d">OCLCF</marc:subfield><marc:subfield code="d">OCLCQ</marc:subfield><marc:subfield code="d">OCL</marc:subfield><marc:subfield code="d">OCLCO</marc:subfield><marc:subfield code="d">OCL</marc:subfield><marc:subfield code="d">MEAUC</marc:subfield></marc:datafield><marc:datafield tag="043" ind1=" " ind2=" "><marc:subfield code="a">aw-----</marc:subfield></marc:datafield><marc:datafield tag="049" ind1=" " ind2=" "><marc:subfield code="a">MAIN</marc:subfield></marc:datafield><marc:datafield tag="050" ind1=" " ind2="4"><marc:subfield code="a">PJ7816.N38</marc:subfield><marc:subfield code="b">S5</marc:subfield></marc:datafield><marc:datafield tag="050" ind1=" " ind2="4"><marc:subfield code="a">DS62.4</marc:subfield><marc:subfield code="b">.N33 1949</marc:subfield></marc:datafield><marc:datafield tag="066" ind1=" " ind2=" "><marc:subfield code="c">(3</marc:subfield></marc:datafield><marc:datafield tag="090" ind1=" " ind2=" "><marc:subfield code="a">DS62.8</marc:subfield><marc:subfield code="b">.N37 1949</marc:subfield></marc:datafield><marc:datafield tag="100" ind1="1" ind2=" "><marc:subfield code="6">880-01</marc:subfield><marc:subfield code="a">Naṣr, Ṣalāḥ Muḥammad,</marc:subfield><marc:subfield code="e">author.</marc:subfield></marc:datafield><marc:datafield tag="245" ind1="1" ind2="3"><marc:subfield code="6">880-02</marc:subfield><marc:subfield code="a">al-Sharq al-Awsaṭ fī mahabb al-riyāḥ /</marc:subfield><marc:subfield code="c">taʼlīf yūzbāshī Ṣalāḥ Muḥammad Naṣr, mudarris al-mushāh, yūzbāshī Kamāl al-Dīn al-Ḥinnāwī, mudarris al-mushāh.</marc:subfield></marc:datafield><marc:datafield tag="250" ind1=" " ind2=" "><marc:subfield code="6">880-03</marc:subfield><marc:subfield code="a">al-Ṭabʻah al-ūlá.</marc:subfield></marc:datafield><marc:datafield tag="264" ind1=" " ind2="1"><marc:subfield code="6">880-04</marc:subfield><marc:subfield code="a">al-Qāhirah :</marc:subfield><marc:subfield code="b">Maktabat al-Nahḍah al-Miṣrīyah,</marc:subfield><marc:subfield code="c">1949.</marc:subfield></marc:datafield><marc:datafield tag="264" ind1=" " ind2="3"><marc:subfield code="6">880-05</marc:subfield><marc:subfield code="a">Miṣr :</marc:subfield><marc:subfield code="b">Maṭbaʻat al-Shubukshī bi-al-Azʹhar.</marc:subfield></marc:datafield><marc:datafield tag="300" ind1=" " ind2=" "><marc:subfield code="a">343 pages, 7 unnumbered folded leaves of plates ;</marc:subfield><marc:subfield code="c">24 cm.</marc:subfield></marc:datafield><marc:datafield tag="336" ind1=" " ind2=" "><marc:subfield code="a">text</marc:subfield><marc:subfield code="b">txt</marc:subfield><marc:subfield code="2">rdacontent.</marc:subfield></marc:datafield><marc:datafield tag="337" ind1=" " ind2=" "><marc:subfield code="a">unmediated</marc:subfield><marc:subfield code="b">n</marc:subfield><marc:subfield code="2">rdamedia.</marc:subfield></marc:datafield><marc:datafield tag="338" ind1=" " ind2=" "><marc:subfield code="a">volume</marc:subfield><marc:subfield code="b">nc</marc:subfield><marc:subfield code="2">rdacarrier.</marc:subfield></marc:datafield><marc:datafield tag="490" ind1="1" ind2=" "><marc:subfield code="6">880-06</marc:subfield><marc:subfield code="a">Dirāsāt istirātījīyah.</marc:subfield></marc:datafield><marc:datafield tag="651" ind1=" " ind2="0"><marc:subfield code="a">Middle East</marc:subfield><marc:subfield code="x">History</marc:subfield><marc:subfield code="y">20th century.</marc:subfield></marc:datafield><marc:datafield tag="651" ind1=" " ind2="0"><marc:subfield code="a">Middle East</marc:subfield><marc:subfield code="x">Politics and government</marc:subfield><marc:subfield code="y">20th century.</marc:subfield></marc:datafield><marc:datafield tag="651" ind1=" " ind2="0"><marc:subfield code="a">Middle East</marc:subfield><marc:subfield code="x">Foreign relations</marc:subfield><marc:subfield code="y">20th century.</marc:subfield></marc:datafield><marc:datafield tag="700" ind1="1" ind2=" "><marc:subfield code="6">880-07</marc:subfield><marc:subfield code="a">Ḥinnāwī, Kamāl al-Dīn,</marc:subfield><marc:subfield code="e">author.</marc:subfield></marc:datafield><marc:datafield tag="830" ind1=" " ind2="0"><marc:subfield code="6">880-08</marc:subfield><marc:subfield code="a">Dirāsāt istirātījīyah (Cairo, Egypt)</marc:subfield></marc:datafield><marc:datafield tag="880" ind1="1" ind2="2"><marc:subfield code="6">245-02/(3/r</marc:subfield><marc:subfield code="a">الشرق الأوسط في مهب الرياح /‪</marc:subfield><marc:subfield code="c">تأليف يوزباشي صلاح محمد نصر، مدرس المشاه، يوزباشي كمال الدين الحناوي، مدرس المشاه..</marc:subfield></marc:datafield><marc:datafield tag="880" ind1="1" ind2=" "><marc:subfield code="6">100-01/(3/r</marc:subfield><marc:subfield code="a">نصر، صلاح محمد..</marc:subfield></marc:datafield><marc:datafield tag="880" ind1=" " ind2=" "><marc:subfield code="6">250-03/(3/r</marc:subfield><marc:subfield code="a">الطبعة الأولى..</marc:subfield></marc:datafield><marc:datafield tag="880" ind1=" " ind2="1"><marc:subfield code="6">264-04/(3/r</marc:subfield><marc:subfield code="a">القاهرة :‪</marc:subfield><marc:subfield code="b">مكتبة النهضة المصرية،‪</marc:subfield><marc:subfield code="c">1949.</marc:subfield></marc:datafield><marc:datafield tag="880" ind1=" " ind2="3"><marc:subfield code="6">264-05/(3/r</marc:subfield><marc:subfield code="a">مصر :‪</marc:subfield><marc:subfield code="b">مطبعة الشبكشي بالأزهر..</marc:subfield></marc:datafield><marc:datafield tag="880" ind1="1" ind2=" "><marc:subfield code="6">490-06/(3/r</marc:subfield><marc:subfield code="a">دراسات استراتيجية.</marc:subfield></marc:datafield><marc:datafield tag="880" ind1="1" ind2=" "><marc:subfield code="6">700-07/(3/r</marc:subfield><marc:subfield code="a">حناوي، كمال الدين..</marc:subfield></marc:datafield><marc:datafield tag="880" ind1=" " ind2="0"><marc:subfield code="6">830-08/(3/r</marc:subfield><marc:subfield code="a">دراسات استراتيجية (القاهرة، مصر).</marc:subfield></marc:datafield><marc:datafield tag="907" ind1=" " ind2=" "><marc:subfield code="a">.b13036063</marc:subfield><marc:subfield code="b">main </marc:subfield></marc:datafield><marc:datafield tag="902" ind1=" " ind2=" "><marc:subfield code="a">170927</marc:subfield></marc:datafield><marc:datafield tag="998" ind1=" " ind2=" "><marc:subfield code="b">1</marc:subfield><marc:subfield code="c">031116</marc:subfield><marc:subfield code="d">m</marc:subfield><marc:subfield code="e">a</marc:subfield><marc:subfield code="f">-</marc:subfield><marc:subfield code="g">3</marc:subfield><marc:subfield code="k">MAH</marc:subfield></marc:datafield><marc:datafield tag="945" ind1=" " ind2=" "><marc:subfield code="l">main </marc:subfield></marc:datafield></marc:record>
</marc:collection>
